<?xml version="1.0" encoding="UTF-8"?><record xmlns="http://www.loc.gov/MARC21/slim" xmlns:cinclude="http://apache.org/cocoon/include/1.0" xmlns:zs="http://www.loc.gov/zing/srw/">
  <leader>00621cz  a2200157n  4500</leader>
  <controlfield tag="001">n  78001938 </controlfield>
  <controlfield tag="003">DLC</controlfield>
  <controlfield tag="005">20090305074906.0</controlfield>
  <controlfield tag="008">780123n| acannaabn          |a ana      </controlfield>
  <datafield tag="010" ind1=" " ind2=" ">
    <subfield code="a">n  78001938 </subfield>
  </datafield>
  <datafield tag="035" ind1=" " ind2=" ">
    <subfield code="a">(OCoLC)oca00138568</subfield>
  </datafield>
  <datafield tag="040" ind1=" " ind2=" ">
    <subfield code="a">DLC</subfield>
    <subfield code="b">eng</subfield>
    <subfield code="c">DLC</subfield>
    <subfield code="d">DLC</subfield>
    <subfield code="d">OCoLC</subfield>
  </datafield>
  <datafield tag="110" ind1="1" ind2=" ">
    <subfield code="a">Missouri.</subfield>
    <subfield code="b">Archives Division</subfield>
  </datafield>
  <datafield tag="410" ind1="1" ind2=" ">
    <subfield code="a">Missouri.</subfield>
    <subfield code="b">Office of the Secretary of State.</subfield>
    <subfield code="b">Archives Division</subfield>
  </datafield>
  <datafield tag="670" ind1=" " ind2=" ">
    <subfield code="a">Its Missouri General Assembly ... 1977?:</subfield>
    <subfield code="b">t.p. (Archives Division, Office of Secretary of State)</subfield>
  </datafield>
  <datafield tag="670" ind1=" " ind2=" ">
    <subfield code="a">Missouri manual, 1973/74:</subfield>
    <subfield code="b">p. 52 (Office of Secretary of State, archives section; official State archival unit)</subfield>
  </datafield>
</record>